<?xml version="1.0" encoding="UTF-8"?><record xmlns="http://www.loc.gov/MARC21/slim" xmlns:cinclude="http://apache.org/cocoon/include/1.0" xmlns:zs="http://www.loc.gov/zing/srw/">
  <leader>00543nz  a2200157n  4500</leader>
  <controlfield tag="001">no2010140676</controlfield>
  <controlfield tag="003">DLC</controlfield>
  <controlfield tag="005">20100829075259.0</controlfield>
  <controlfield tag="008">100827n| acannaabn          |b aaa     c</controlfield>
  <datafield tag="010" ind1=" " ind2=" ">
    <subfield code="a">no2010140676</subfield>
  </datafield>
  <datafield tag="035" ind1=" " ind2=" ">
    <subfield code="a">(OCoLC)oca08607194</subfield>
  </datafield>
  <datafield tag="040" ind1=" " ind2=" ">
    <subfield code="a">CtY-N</subfield>
    <subfield code="b">eng</subfield>
    <subfield code="c">CtY-N</subfield>
  </datafield>
  <datafield tag="100" ind1="1" ind2=" ">
    <subfield code="a">Shāfiʻī, Rashīdah</subfield>
  </datafield>
  <datafield tag="400" ind1="1" ind2=" ">
    <subfield code="a">شافعي، رشيدة</subfield>
  </datafield>
  <datafield tag="667" ind1=" " ind2=" ">
    <subfield code="a">Non-Latin script reference not evaluated.</subfield>
  </datafield>
  <datafield tag="670" ind1=" " ind2=" ">
    <subfield code="a">Nuṣḥī Iskandar-- wa-al-naqsh ʻalá al-sīliyūlūyid, 2000:</subfield>
    <subfield code="b">t.p. (د. رشيدة الشافعي = D. Rashīdah al-Shāfiʻī)</subfield>
  </datafield>
</record>